@article{DBLP:journals/corr/abs-1910-09910,
  author    = {Mohamed R. Ibrahim and
               James Haworth and
               Tao Cheng},
  title     = {{WeatherNet}: Recognising weather and visual conditions from street-level
               images using deep residual learning},
  journal   = {CoRR},
  volume    = {abs/1910.09910},
  year      = {2019},
  url       = {http://arxiv.org/abs/1910.09910},
  eprinttype = {arXiv},
  eprint    = {1910.09910},
  timestamp = {Fri, 25 Oct 2019 14:59:26 +0200},
  biburl    = {https://dblp.org/rec/journals/corr/abs-1910-09910.bib},
  bibsource = {dblp computer science bibliography, https://dblp.org}
}
@article{DBLP:journals/corr/abs-1904-10709,
  author    = {Bin Zhao and
               Xuelong Li and
               Xiaoqiang Lu and
               Zhigang Wang},
  title     = {A {CNN-RNN} Architecture for Multi-Label Weather Recognition},
  journal   = {CoRR},
  volume    = {abs/1904.10709},
  year      = {2019},
  url       = {http://arxiv.org/abs/1904.10709},
  eprinttype = {arXiv},
  eprint    = {1904.10709},
  timestamp = {Mon, 14 Feb 2022 16:41:11 +0100},
  biburl    = {https://dblp.org/rec/journals/corr/abs-1904-10709.bib},
  bibsource = {dblp computer science bibliography, https://dblp.org}
}
@article{DBLP:journals/corr/abs-2103-05422,
  author    = {Xuelong Li and
               Kai Kou and
               Bin Zhao},
  title     = {Weather {GAN:} Multi-Domain Weather Translation Using Generative Adversarial
               Networks},
  journal   = {CoRR},
  volume    = {abs/2103.05422},
  year      = {2021},
  url       = {https://arxiv.org/abs/2103.05422},
  eprinttype = {arXiv},
  eprint    = {2103.05422},
  timestamp = {Tue, 15 Feb 2022 14:35:28 +0100},
  biburl    = {https://dblp.org/rec/journals/corr/abs-2103-05422.bib},
  bibsource = {dblp computer science bibliography, https://dblp.org}
}
@article{DBLP:journals/corr/abs-1906-02691,
  author    = {Diederik P. Kingma and
               Max Welling},
  title     = {An Introduction to Variational Autoencoders},
  journal   = {CoRR},
  volume    = {abs/1906.02691},
  year      = {2019},
  url       = {http://arxiv.org/abs/1906.02691},
  eprinttype = {arXiv},
  eprint    = {1906.02691},
  timestamp = {Thu, 13 Jun 2019 13:36:00 +0200},
  biburl    = {https://dblp.org/rec/journals/corr/abs-1906-02691.bib},
  bibsource = {dblp computer science bibliography, https://dblp.org}
}

@misc{https://doi.org/10.48550/arxiv.1312.6114,
  doi = {10.48550/ARXIV.1312.6114},
  url = {https://arxiv.org/abs/1312.6114},
  author = {Kingma, Diederik P and Welling, Max},
  keywords = {Machine Learning (stat.ML), Machine Learning (cs.LG), FOS: Computer and information sciences, 
              FOS: Computer and information sciences},
  title = {Auto-Encoding Variational Bayes},
  publisher = {arXiv},
  year = {2013},
  copyright = {arXiv.org perpetual, non-exclusive license}
}

@article{DBLP:journals/corr/IsolaZZE16,
  author    = {Phillip Isola and
               Jun{-}Yan Zhu and
               Tinghui Zhou and
               Alexei A. Efros},
  title     = {Image-to-Image Translation with Conditional Adversarial Networks},
  journal   = {CoRR},
  volume    = {abs/1611.07004},
  year      = {2016},
  url       = {http://arxiv.org/abs/1611.07004},
  eprinttype = {arXiv},
  eprint    = {1611.07004},
  timestamp = {Mon, 13 Aug 2018 16:49:05 +0200},
  biburl    = {https://dblp.org/rec/journals/corr/IsolaZZE16.bib},
  bibsource = {dblp computer science bibliography, https://dblp.org}
}

@article{DBLP:journals/corr/LiuBK17,
  author    = {Ming{-}Yu Liu and
               Thomas M. Breuel and
               Jan Kautz},
  title     = {Unsupervised Image-to-Image Translation Networks},
  journal   = {CoRR},
  volume    = {abs/1703.00848},
  year      = {2017},
  url       = {http://arxiv.org/abs/1703.00848},
  eprinttype = {arXiv},
  eprint    = {1703.00848},
  timestamp = {Thu, 15 Jul 2021 17:18:28 +0200},
  biburl    = {https://dblp.org/rec/journals/corr/LiuBK17.bib},
  bibsource = {dblp computer science bibliography, https://dblp.org}
}

@article{DBLP:journals/corr/HeZRS15,
  author    = {Kaiming He and
               Xiangyu Zhang and
               Shaoqing Ren and
               Jian Sun},
  title     = {Deep Residual Learning for Image Recognition},
  journal   = {CoRR},
  volume    = {abs/1512.03385},
  year      = {2015},
  url       = {http://arxiv.org/abs/1512.03385},
  eprinttype = {arXiv},
  eprint    = {1512.03385},
  timestamp = {Wed, 17 Apr 2019 17:23:45 +0200},
  biburl    = {https://dblp.org/rec/journals/corr/HeZRS15.bib},
  bibsource = {dblp computer science bibliography, https://dblp.org}
}

@book{Goodfellow-et-al-2016,
  title     = {Deep Learning},
  author    = {Ian Goodfellow and Yoshua Bengio and Aaron Courville},
  publisher = {MIT Press},
  note      = {\url{http://www.deeplearningbook.org}},
  year      = {2016}
}

@Book{bishop:2006:PRML,
  author    = "Christopher M. Bishop",
  title     = "Pattern Recognition and Machine Learning",
  publisher = "Springer",
  year      = "2006",
}

@misc{https://doi.org/10.48550/arxiv.1406.2661,
  doi = {10.48550/ARXIV.1406.2661},
  url = {https://arxiv.org/abs/1406.2661},
  author = {Goodfellow, Ian J. and Pouget-Abadie, Jean and Mirza, Mehdi and Xu, 
            Bing and Warde-Farley, David and Ozair, Sherjil and Courville, Aaron and Bengio, Yoshua},
  keywords = {Machine Learning (stat.ML), Machine Learning (cs.LG), FOS: Computer and information sciences, 
              FOS: Computer and information sciences},
  title = {Generative Adversarial Networks},
  publisher = {arXiv},
  year = {2014},
  copyright = {arXiv.org perpetual, non-exclusive license}
}

@article{https://doi.org/10.48550/arxiv.1706.08500,
  doi = {10.48550/ARXIV.1706.08500},
  url = {https://arxiv.org/abs/1706.08500},
  author = {Heusel, Martin and Ramsauer, Hubert and Unterthiner, Thomas and Nessler, 
            Bernhard and Hochreiter, Sepp},
  keywords = {Machine Learning (cs.LG), Machine Learning (stat.ML), FOS: Computer and 
              information sciences, FOS: Computer and information sciences},
  title = {GANs Trained by a Two Time-Scale Update Rule Converge to a Local Nash Equilibrium},
  publisher = {arXiv},
  year = {2017},
  copyright = {arXiv.org perpetual, non-exclusive license}
}

@misc{https://doi.org/10.48550/arxiv.2206.10935,
  doi = {10.48550/ARXIV.2206.10935},
  url = {https://arxiv.org/abs/2206.10935},
  author = {Betzalel, Eyal and Penso, Coby and Navon, Aviv and Fetaya, Ethan},
  keywords = {Machine Learning (cs.LG), Computer Vision and Pattern Recognition (cs.CV), 
              FOS: Computer and information sciences, FOS: Computer and information sciences},
  title = {A Study on the Evaluation of Generative Models},
  publisher = {arXiv},
  year = {2022},
  copyright = {Creative Commons Attribution 4.0 International}
}
